<record><leader>00000cas a22000007a 4500</leader><controlfield tag="001">11484415</controlfield><controlfield tag="008">841212d18881889wiuwr ne      0   a0eng d</controlfield><datafield ind1=" " ind2=" " tag="010"><subfield code="a">sn 84025013 </subfield></datafield><datafield ind1=" " ind2=" " tag="040"><subfield code="a">NPV</subfield><subfield code="b">eng</subfield><subfield code="c">NPV</subfield><subfield code="d">OCLCQ</subfield></datafield><datafield ind1=" " ind2=" " tag="042"><subfield code="a">msc</subfield></datafield><datafield ind1=" " ind2=" " tag="043"><subfield code="a">n-us-wi</subfield></datafield><datafield ind1=" " ind2=" " tag="045"><subfield code="a">w8w8</subfield></datafield><datafield ind1=" " ind2=" " tag="052"><subfield code="a">4123</subfield><subfield code="b">C4</subfield></datafield><datafield ind1="0" ind2="0" tag="245"><subfield code="a">Chippewa Valley independent.</subfield></datafield><datafield ind1=" " ind2=" " tag="260"><subfield code="a">Chippewa Falls, Wis. :</subfield><subfield code="b">Chippewa Valley Pub. Co.,</subfield><subfield code="c">1888-1889.</subfield></datafield><datafield ind1=" " ind2=" " tag="300"><subfield code="a">v. :</subfield><subfield code="b">ill. (chiefly advertisements)</subfield></datafield><datafield ind1=" " ind2=" " tag="310"><subfield code="a">Weekly</subfield></datafield><datafield ind1="0" ind2=" " tag="362"><subfield code="a">Vol. 8, no. 16 (July 23, 1888)-</subfield></datafield><datafield ind1="1" ind2=" " tag="362"><subfield code="a">Ceased with Dec. 11, 1889 issue.</subfield><subfield code="z">Cf. Oehlerts, d. E. Guide to Wis. newspapers.</subfield></datafield><datafield ind1=" " ind2=" " tag="752"><subfield code="a">United States</subfield><subfield code="b">Wisconsin</subfield><subfield code="c">Chippewa</subfield><subfield code="d">Chippewa Falls.</subfield></datafield><datafield ind1="0" ind2="0" tag="780"><subfield code="t">Chippewa County independent</subfield><subfield code="w">(DLC)sn 84025014</subfield></datafield><datafield ind1="0" ind2="7" tag="785"><subfield code="t">Chippewa times (1875)</subfield><subfield code="w">(DLC)sn 84025010</subfield></datafield><datafield ind1="0" ind2="7" tag="785"><subfield code="t">Chippewa times and independent</subfield><subfield code="w">(DLC)sn 84025011</subfield></datafield></record>